@book{computergraphics,
    author    = "James D. Foley",
    title     = "Computer Graphics: Principles and Practice in C",
    year      = "1995",
    publisher = "Addison-Wesley Professional"
}
 
@book{wxwidgetsguide,
    author    = "Julian Smart",
    title     = "Cross-Platform GUI Programming with wxWidgets",
    year      = "2005",
    publisher = "Prentice Hall"
}

@book{theoldnewthing,
    author    = "Raymond Chen",
    title     = "The Old New Thing: Practical Development Throughout the Evolution of Windows",
    year      = "2007",
    publisher = "Addison-Wesley Professional"
}

@misc{tdddoesntwork,
    author    = "Robert C. Martin",
    title     = "When TDD Doesnâ€™t work",
    url       = "http://http://blog.8thlight.com/uncle-bob/2014/04/30/When-tdd-does-not-work.html"
}

@misc{cppessence,
    author    = "Bjarne Stroustrup",
    title     = "The Essence of C++: With Examples in C++84, C++98, C++11, and C++14",
    year      = "2013",
    url       = "http://channel9.msdn.com/events/GoingNative/2013/Opening-Keynote-Bjarne-Stroustrup"
}

@patent{uicontrast,
    author    = "Heynen, P. and Stern, M. and Bryant, A. and Goldeen, M. and Feth, B",
    title     = "User interface contrast filter",
    year      = "2013",
    number    = "8441499",
    type      = "Patent"
}

@book{designingis,
    author    = "David Benyon",
    title     = "Designing Interactive Systems: a comprehensive guide to HCI and interaction design",
    publisher = "Addison-Wesley",
    year      = "2010"
}

@book{designingui,
    author    = "Ben Shneiderman and Catherine Plaisant",
    title     = "Designing the user interface: strategies for effective human-computer interaction",
    publisher = "Addison-Wesley",
    year      = "2005"
}

@book{cpplang,
    author    = "Bjarne Stroustrup",
    title     = "The C++ Programming Language",
    publisher = "Addison-Wesley",
    year      = "2013"
}

@book{exceptional_cpp,
    author    = "Herb Sutter",
    title     = "Exceptional C++",
    publisher = "Addison-Wesley",
    year      = "2012"
}

@book{effective_cpp,
    author    = "Scott Meyers",
    title     = "Effective C++",
    publisher = "Addison-Wesley",
    year      = "2005"
}

@book{more_effective_cpp,
    author    = "Scott Meyers",
    title     = "More Effective C++",
    publisher = "Addison-Wesley",
    year      = "1996"
}

@book{effective_stl,
    author    = "Scott Meyers",
    title     = "Effective STL",
    publisher = "Addison-Wesley",
    year      = "2007"
}

@book{largescalecpp,
    author    = "John Lakos",
    title     = "Large-Scale C++ Software Design",
    publisher = "Addison-Wesley",
    year      = "1997"
}